% This file was created with JabRef 2.9b2.
% Encoding: UTF-8

@InProceedings{ web:artikel:javaspektrum,
	author  = {Dr. Rüdiger Grammes, Dr. Kristine Schaal},
	title   = {Stau an der richtigen Stelle mit Backpressure},
	booktitle= {Javaspektrum},
	year    = "2015",
	month	= "5",
	language= {ngerman},	
	url		= {https://www.sigs-datacom.de/uploads/tx_dmjournals/grammes_schaal_JS_05_15_vYon.pdf},
}

@InBook{ buch:reactive_programming_with_java9:kapitel1,
	publisher= {Packt Publishing},
	title	= {Reactive Programming With Java 9},
	chapter = {1. introcution to Reactive Programming},
	year    = {2017},
	author	= {Tejaswini Mandar Jog}
}


@InBook{ buch:reactive_programming_with_rxjava:foreword,
	publisher= {O’Reilly Media, Inc.},
	title	= {Reactive Programming with RxJava},
	chapter = {Foreword},
	year    = {2017},
	author	= {Tomasz Nurkiewicz, Ben Christensen}
}

@InBook{ buch:reactive_programming_with_rxjava:kapitel8,
	publisher= {O’Reilly Media, Inc.},
	title	= {Reactive Programming with RxJava},
	chapter = {8. Case Studies},
	year    = {2017},
	author	= {Tomasz Nurkiewicz, Ben Christensen}
}

@InBook{ buch:reactive_programming_with_rxjava:kapitel1,
	publisher= {O’Reilly Media, Inc.},
	title	= {Reactive Programming with RxJava},
	chapter = {1. Reactive Programming with RxJava},
	year    = {2017},
	author	= {Tomasz Nurkiewicz, Ben Christensen}
}

@InBook{ buch:modern_java_in_action:kapitel17,
	publisher= {Manning},
	title	= {Modern Java in Action},
	chapter = {17. Reactive Programming},
	year    = {2018},
	author	= {Raoul-Gabriel Urma, Mario Fusco, Alan Mycroft}
}

@InBook{ buch:modern_java_in_action:kapitel16,
	publisher= {Manning},
	title	= {Modern Java in Action},
	chapter = {16. CompletableFuture: composable asynchronous programming},
	year    = {2018},
	author	= {Raoul-Gabriel Urma, Mario Fusco, Alan Mycroft}
}

@InBook{ buch:why_reactive:kapitel1,
	publisher= {O’Reilly Media, Inc.},
	title	= {Why Reactive? Foundational Principles for Enterprise Adoption},
	chapter = {1. Introduction},
	year    = {2017},
	author	= {Konrad Malawski}
}

@InBook{ buch:beginning_spring_boot2:kapitel12,
	publisher= {Apress},
	title	= {Beginning Spring Boot 2},
	chapter = {12. Reactive Programming Using Spring WebFlux},
	year    = {2017},
	author	= {K. Siva Prasad Reddy}
}

@InBook{ buch:a_gentle_guide:kapitel1,
	publisher= {Vert.X},
	title	= {A gentle guide to asynchronous programming with Eclipse Vert.x for Java developers},
	chapter = {Chapter 1. Introduction},
	year    = {2018},
	author	= {Julien Ponge and Thomas Segismont and Julien Viet et al.},
}

@InBook{ buch:reactive_streams_in_java:kapitel7,
	publisher= {Apress},
	title	= {Reactive Streams in Java
Concurrency with RxJava, Reactor, and Akka Streams},
	chapter = {Chapter 7. Android and RxJava},
	year    = {2019},
	author	= {Adam L. Davis},
}

@InBook{ buch:reactive_streams_in_java:kapitel3,
	publisher= {Apress},
	title	= {Reactive Streams in Java
Concurrency with RxJava, Reactor, and Akka Streams},
	chapter = {Chapter 3. Common Concepts},
	year    = {2019},
	author	= {Adam L. Davis},
}

@InBook{ buch:reactive_programming_on_android_with_rxjava:kapitel1,
	publisher= {Leanpub},
	title	= {Reactive Programming on Android with RxJava},
	chapter = {Chapter 1. What is Reactive Programming?},
	year    = {2017},
	author	= {Christopher Arriola and Angus Huang},
}

@techreport{ technischer_bericht:lightbend:rpvsrs,
	title	= {Reactive Programming versus Reactive Systems},
	institution = {Lightbend Inc.},
	year	= {2017},
	month	= {1},
	author	= {Jonas Bonér and Viktor Klang},
}

@misc{ web:wiki:reactive_programming,
	author	= "Wikipedia",
	title	= "Reaktive Programmierung --- Wikipedia{,} Die freie Enzyklopädie",
	year	= "2018",
	url		= "https://de.wikipedia.org/w/index.php?title=Reaktive_Programmierung&oldid=177533954",
	note	= "[Online; Stand 14. September 2018]",
  	language= {ngerman},
 }

@misc{ web:wiki:reactive_streams,
   	author	= "{Wikipedia contributors}",
    title	= "Reactive Streams --- {Wikipedia}{,} The Free Encyclopedia",
    year	= "2018",
    url		= "https://en.wikipedia.org/w/index.php?title=Reactive_Streams&oldid=860080694",
    note	= "[Online; Stand 18. September 2018]",
    howpublished = "Website"
  }

@misc{ web:wiki:github,
    author = "{Wikipedia contributors}",
    title = "GitHub --- {Wikipedia}{,} The Free Encyclopedia",
    year = "2018",
    url = "https://en.wikipedia.org/w/index.php?title=GitHub&oldid=871677636",
    note = "[Online; Stand 7. Dezember 2018]",
    howpublished = "Website"
  }
  
@misc{ web:site:reative_stream_specification,
	title	= {Reactive Streams},
	url		= "http://www.reactive-streams.org/",
    howpublished = "Website"
}

@misc{ web:akka:def:streams,
	author	= "Lightbend, Inc.",
	title	= "Relationship with Reactive streams",
	year	= "2018",
	url		= "https://doc.akka.io/docs/akka/current/stream/stream-introduction.html#relationship-with-reactive-streams",
	note	= "[Online; Stand 2. Oktober 2018]",
	howpublished = "Website"
}

@misc{ web:akka:docs,
	author	= "Lightbend, Inc.",
	title	= "Akka Modules",
	version = "2.5.18",
	year	= "2018",
	url		= "https://doc.akka.io/docs",
	note	= "[Online; Stand 21. November 2018]",
	howpublished = "Website"
}

@misc{ web:akka:docs:streams,
	author	= "Lightbend, Inc.",
	title	= "Streams",
	version = "2.5.21",
	year	= "2018",
	url		= "https://doc.akka.io/docs/akka/current/stream/index.html?language=java",
	note	= "[Online; Stand 25. Februar 2019]",
	howpublished = "Website"
}

@misc{ web:akka:docs:streams_flows_and_basics,
	author	= "Lightbend, Inc.",
	title	= "Core Concepts",
	version = "2.5.3",
	year	= "2018",
	url		= "https://doc.akka.io/docs/akka/2.5.3/scala/stream/stream-flows-and-basics.html",
	note	= "[Online; Stand 07. Dezember 2018]",
	howpublished = "Website"
}

@misc{ web:akka:docs:streams_graphs,
	author	= "Lightbend, Inc.",
	title	= "Working with Graphs",
	version = "2.5",
	year	= "2018",
	url		= "https://doc.akka.io/docs/akka/2.5/stream/stream-graphs.html",
	note	= "[Online; Stand 16. Januar 2019]",
	howpublished = "Website"
}

@misc{ web:akka:docs:stream_quickstart_guide,
	author	= "Lightbend, Inc.",
	title	= "Streams Quickstart Guide",
	version = "2.5",
	url		= "https://doc.akka.io/docs/akka/2.5/stream/stream-quickstart.html",
	note	= "[Online; Stand 21. Februar 2019]",
	howpublished = "Website"
}

@misc{ web:akka:javadoc,
	author	= "Lightbend, Inc.",
	title	= "Packages",
	url		= "https://doc.akka.io/japi/akka/current/index.html?akka/stream/package-summary.html&_ga=2.134194124.394401883.1544449904-1435486093.1536821504",
	note	= "[Online; Stand 25. Februar 2019]",
	howpublished = "Website"
}

@misc{ web:site:vertx,
	author	= "Eclipse Vert.X",
	title	= "Who's using Vert.x?",
	url		= "https://vertx.io/",
	note	= "[Online; Stand 21. November 2018]",
	howpublished = "Website"
}

@misc{ web:github:reactive_streams,
	author	= "Github",
	title	= "Reactive Streams",
	year	= "2017",
	month	= "12",
	url		= "https://github.com/reactive-streams/reactive-streams-jvm/blob/v1.0.2/README.md",
	note	= "[Online; Stand 9. Oktober 2018]",
	howpublished = "Website"
}

@misc{ web:site:das_reaktive_manifest,
	author	= "Jonas Bonér et al.",
	title	= "Das Reaktive Manifest",
	year	= "2014",
	url		= "https://www.reactivemanifesto.org/de",
	note	= "[Online; Stand 22. November 2018]",
	howpublished = "Website"
}

@misc{ web:site:reactivex,
	author	= "ReactiveX Maintainer",
	title	= "ReactiveX",
	url		= "https://www.reactivex.io",
	note	= "[Online; Stand 20. Dezember 2018]",
	howpublished = "Website"
}

@misc{ web:site:oracle:jvmhotspot,
	author	= "Oracle",
	title	= "Java HotSpot VM Options",
	url		= "https://www.oracle.com/technetwork/java/javase/tech/vmoptions-jsp-140102.html",
	note	= "[Online; Stand 14. Februar 2019]",
	howpublished = "Website"
}

@misc{ web:github:reactivex:wiki,
	author	= "ReactiveX Maintainer",
	title	= "Home",
	url		= "github.com/ReactiveX/RxJava/wiki",
	note	= "[Online; Stand 20. Dezember 2018]",
	howpublished = "Website"
}

@misc{ web:github:reactivex:wiki:reactive_types,
	author	= "ReactiveX Maintainer",
	title	= "Observable",
	url		= "https://github.com/ReactiveX/RxJava/wiki/Observable",
	note	= "[Online; Stand 20. Dezember 2018]",
	howpublished = "Website"
}

@misc{ web:site:github:about_stars,
	author	= "Github",
	title	= "About Stars",
	url		= "https://help.github.com/articles/about-stars/",
	note	= "[Online; Stand 16. Februar 2019]",
	howpublished = "Website"
}

@misc{ web:site:reactivex:javadoc,
	author	= "ReactiveX Maintainer",
	title	= "rxjava 2.2.4 API",
	url		= "http://reactivex.io/RxJava/javadoc/",
	note	= "[Online; Stand 20. Dezember 2018]",
	howpublished = "Website"
}

@misc{ web:site:reactor:javadoc,
	author	= "Reactor Maintainer",
	title	= "Reactor Core 3.2.3.RELEASE",
	url		= "https://projectreactor.io/docs/core/release/api/",
	note	= "[Online; Stand 20. Dezember 2018]",
	howpublished = "Website"
}

@misc{ web:site:reactor:reference,
	author	= "Reactor Maintainer",
	title	= "Reactor 3 Reference Guide",
	url		= "https://projectreactor.io/docs/core/release/reference/",
	note	= "[Online; Stand 16. Februar 2019]",
	howpublished = "Website"
}

@misc{ web:site:gitstar-ranking:rxjava,
	author	= "gitstar-ranking.com",
	url		= "https://gitstar-ranking.com/ReactiveX/RxJava",
	note	= "[Online; Stand 16. Februar 2019],
			   [Letzte Aktualisierung; 8. Dezember 2018, 07:28 Uhr]",
	howpublished = "Website"
}


@misc{ web:site:gitstar-ranking:reactor,
	author	= "gitstar-ranking.com",
	url		= "https://gitstar-ranking.com/reactor/reactor",
	note	= "[Online; Stand 20. Dezember 2018],
			   [Letzte Aktualisierung; 4. April 2018, 16:50 Uhr]",
	howpublished = "Website"		   
}

@misc{ web:site:gitstar-ranking:akka,
	author	= "gitstar-ranking.com",
	url		= "https://gitstar-ranking.com/akka/akka",
	note	= "[Online; Stand 16. Februar 2019],
			   [Letzte Aktualisierung; 5. September 2017, 17:04 Uhr]",
	howpublished = "Website"		   
}


@misc{ web:site:twitter:feed:dave_karnok,
	author	= "David Karnok",
	url		= "https://twitter.com/akarnokd/status/774590596740685824",
	note	= "[Online; Stand 16. Februar 2019],
			   [Erstellt am 10. September 2016 um 5:49 Uhr]",
	howpublished = "online"		   
}

@misc{ web:site:lightbend:case-studies:verizon,
	author	= "Lightbend",
	title	= "America’s Largest Telecommunications Provider Goes Reactive",
	url		= "https://www.lightbend.com/case-studies/americas-largest-telecommunications-provider-goes-reactive",
	note	= "[Online; Stand 4. Januar 2019]",
	howpublished = "Website"
}

@misc{ web:site:lightbend:case-studies:paypal,
	author	= "Lightbend",
	title	= "PayPal Blows Past 1 Billion Transactions Per Day Using Just 8 VMs With Akka, Scala, Kafka and Akka Streams",
	url		= "https://www.lightbend.com/case-studies/paypal-blows-past-1-billion-transactions-per-day-using-just-8-vms-and-akka-scala-kafka-and-akka-streams",
	note	= "[Online; Stand 4. Januar 2019]",
	howpublished = "Website"
}

@misc{ web:site:medium:netflix:reactive_programming,
	author	= "Ben Christensen and Jafar Husain",
	title	= "Reactive Programming in the Netflix API with RxJava",
	month	= "2",
	year	= "2013",
	url		= "https://medium.com/netflix-techblog/reactive-programming-in-the-netflix-api-with-rxjava-7811c3a1496a",
	note	= "[Online; Stand 18. Dezember 2018]",
	howpublished = "Website"
}

@misc{ web:site:medium:netflix:optimizing_netflix_api,
	author	= "Ben Christensen",
	title	= "Optimizing the Netflix API",
	month	= "January",
	year	= "2013",
	url		= "https://medium.com/netflix-techblog/optimizing-the-netflix-api-5c9ac715cf19",
	note	= "[Online; Stand 18. Dezember 2018]",
	howpublished = "Website"

}

@misc{ web:site:stackoverflow:rxjava,
	author  = "StackOverflow",
	title	= "Questions tagged [rx-java2]",
	url		= "https://stackoverflow.com/questions/tagged/rx-java2?sort=active&pageSize=15",
	note	= "[Online; Stand 3. Dezember 2018]",
	howpublished = "Website"

}

@misc{ web:site:stackoverflow:reactor,
	author  = "StackOverflow",
	title	= "Questions tagged [project-reactor]",
	url		= "https://stackoverflow.com/questions/tagged/project-reactor?sort=active&pageSize=15",
	note	= "[Online; Stand 3. Dezember 2018]",
	howpublished = "Website"
}

@misc{ web:site:stackoverflow:akka,
	author  = "StackOverflow",
	title	= "Questions tagged [akka-stream]",
	url		= "https://stackoverflow.com/questions/tagged/akka-stream?sort=active&pageSize=15",
	note	= "[Online; Stand 3. Dezember 2018]",
	howpublished = "Website"

}

@misc{ web:site:stackoverflow:vertx:comment,
	author  = "tsegismont",
	url		= "https://stackoverflow.com/a/52292932/8676580",
	note	= "[Online; Stand 21. Februar 2019]
				[Erstellt am 12. September 2018 um 10:23 Uhr]",
	howpublished = "Website"				

}

@misc{ web:site:github:count:repo:rxjava,
	author  = "Github",
	url		= "https://github.com/search?l=Java&q=rxjava&type=Repositories",
	note	= "[Online; Stand 16. Feburar 2019]",
	howpublished = "Website"

}

@misc{ web:site:github:count:repo:reactor,
	author  = "Github",
	url		= "https://github.com/search?l=Java&q=reactor&type=Repositories",
	note	= "[Online; Stand 16. Feburar 2019]",
	howpublished = "Website"

}

@misc{ web:site:github:count:repo:akka,
	author  = "Github",
	url		= "https://github.com/search?l=Scala&q=Akka+Stream&type=Repositories",
	note	= "[Online; Stand 16. Feburar 2019]",
	howpublished = "Website"

}

@misc{ web:site:rsocket:motivations:flow-control,
	author  = "RSocket Contributers",
	url		= "http://rsocket.io/docs/Motivations#application-flow-control",
	note	= "[Online; Stand 17. Feburar 2019]",
	howpublished = "Website"

}

@misc{ web:site:jaxcenter:trends,
	author  = "Hartmut Schlosser and Marcel Richters",
	title	= "JAXenter-Survey: Application Frameworks - 2018, 2017, 2016",
	url		= "https://jaxenter.de/wp-content/uploads/2018/05/JAXenter-Survey-2018-Application-Framework-Trends.png",
	note	= "[Online; Stand 17. Feburar 2019]",
	howpublished = "Website"

}

% youtube and so on
 @online{ web:youtube:going_reactive,
        title = {Going Reactive - Eine Einführung in die reaktive Programmierung},
        date = {2017},
        organization = {code.talks},
        author = {Benedikt Stemmildt},
        url = {https://www.youtube.com/watch?v=YnladsQPqYk},
        howpublished = "online"
    }
@Comment{jabref-meta: databaseType:bibtex;}


